@article{McGeer01041990,
  author = {McGeer, Tad}, 
  title = {{Passive Dynamic Walking}}, 
  volume = {9}, 
  number = {2}, 
  pages = {62-82}, 
  year = {1990}, 
  journal = {The International Journal of Robotics Research}
}
@article{laplante1992assistive,
	title={Assistive technology devices and home accessibility features: prevalence, payment, need, and trends.},
	author={LaPlante, Mitchell P and others},
	journal={Advance data from vital and health statistics},
	year={1992},
	publisher={ERIC}
}
@article{scherer1996outcomes,
	title={Outcomes of assistive technology use on quality of life},
	author={Scherer, Marcia J},
	journal={Disability and rehabilitation},
	volume={18},
	number={9},
	pages={439--448},
	year={1996},
	publisher={Taylor \& Francis}
}
@article{huete2012personal,
	title={Personal autonomy rehabilitation in home environments by a portable assistive robot},
	author={Huete, Alberto Jard{\'o}n and Victores, Juan G and Martinez, Santiago and Gim{\'e}nez, Antonio and Balaguer, Carlos},
	journal={IEEE Transactions on Systems, Man, and Cybernetics, Part C (Applications and Reviews)},
	volume={42},
	number={4},
	pages={561--570},
	year={2012},
	publisher={IEEE}
}

@article{simpson2008tooth,
	title={Tooth-click control of a hands-free computer interface},
	author={Simpson, Tyler and Broughton, Colin and Gauthier, Michel JA and Prochazka, Arthur},
	journal={IEEE Transactions on Biomedical Engineering},
	volume={55},
	number={8},
	pages={2050--2056},
	year={2008},
	publisher={IEEE}
}

@inproceedings{nuttin2002selection,
	title={Selection of suitable human-robot interaction techniques for intelligent wheelchairs},
	author={Nuttin, Marnix and Vanhooydonck, Dirk and Demeester, Eric and Van Brussel, Hendrik},
	booktitle={Proceedings of 11th IEEE International Workshop on Robot and Human Interactive Communication},
	pages={146--151},
	year={2002},
	organization={IEEE}
}

@inproceedings{herlant2016assistive,
	title={Assistive Teleoperation of Robot Arms via Automatic Time-Optimal Mode Switching},
	author={Herlant, Laura V. and Holladay, Rachel M. and Srinivasa, Siddhartha S.},
	booktitle={Proceedings of the ACM/IEEE International Conference on Human-Robot Interaction (HRI)},
	year={2016}
}

@inproceedings{philips2007adaptive,
	title={Adaptive shared control of a brain-actuated simulated wheelchair},
	author={Philips, Johan and Mill{\'a}n, Jos{\'e} del R and Vanacker, Gerolf and Lew, Eileen and Gal{\'a}n, Ferran and Ferrez, Pierre W and Van Brussel, Hendrik and Nuttin, Marnix},
	booktitle={Rehabilitation Robotics, 2007. ICORR 2007. IEEE 10th International Conference on},
	pages={408--414},
	year={2007},
	organization={IEEE}
}
@inproceedings{eftring1999technical,
	title={Technical results from manus user trials},
	author={Eftring, H{\aa}kan and Boschian, Kerstin},
	booktitle={ICORR'99: International Conference on Rehabilitation Robotics},
	year={1999}
}
@article{demeester2008user,
	title={User-adapted plan recognition and user-adapted shared control: A Bayesian approach to semi-autonomous wheelchair driving},
	author={Demeester, Eric and H{\"u}ntemann, Alexander and Vanhooydonck, Dirk and Vanacker, Gerolf and Van Brussel, Hendrik and Nuttin, Marnix},
	journal={Autonomous Robots},
	volume={24},
	number={2},
	pages={193--211},
	year={2008},
	publisher={Springer}
}

@article{muelling2017autonomy,
	title={Autonomy infused teleoperation with application to brain computer interface controlled manipulation},
	author={Muelling, Katharina and Venkatraman, Arun and Valois, Jean-Sebastien and Downey, John E and Weiss, Jeffrey and Javdani, Shervin and Hebert, Martial and Schwartz, Andrew B and Collinger, Jennifer L and Bagnell, J Andrew},
	journal={Autonomous Robots},
	pages={1--22},
	year={2017},
	publisher={Springer}
}

@article{tsui2011want,
	title={“{I} want that”: Human-in-the-loop control of a wheelchair-mounted robotic arm},
	author={Tsui, Katherine M and Kim, Dae-Jin and Behal, Aman and Kontak, David and Yanco, Holly A},
	journal={Applied Bionics and Biomechanics},
	volume={8},
	number={1},
	pages={127--147},
	year={2011},
	publisher={IOS Press}
}

@inproceedings{kim2010relationship,
	title={On the relationship between autonomy, performance, and satisfaction: Lessons from a three-week user study with post-SCI patients using a smart 6DOF assistive robotic manipulator},
	author={Kim, Dae-Jin and Hazlett, Rebekah and Godfrey, Heather and Rucks, Greta and Portee, David and Bricout, John and Cunningham, Tara and Behal, Aman},
	booktitle={Robotics and Automation (ICRA), 2010 IEEE International Conference on},
	pages={217--222},
	year={2010},
	organization={IEEE}
}

@article{kim2012autonomy,
	title={How autonomy impacts performance and satisfaction: Results from a study with spinal cord injured subjects using an assistive robot},
	author={Kim, Dae-Jin and Hazlett-Knudsen, Rebekah and Culver-Godfrey, Heather and Rucks, Greta and Cunningham, Tara and Portee, David and Bricout, John and Wang, Zhao and Behal, Aman},
	journal={IEEE Transactions on Systems, Man, and Cybernetics-Part A: Systems and Humans},
	volume={42},
	number={1},
	pages={2--14},
	year={2012},
	publisher={IEEE}
}
@inproceedings{liu2016goal,
	title={Goal inference improves objective and perceived performance in human-robot collaboration},
	author={Liu, Chang and Hamrick, Jessica B and Fisac, Jaime F and Dragan, Anca D and Hedrick, J Karl and Sastry, S Shankar and Griffiths, Thomas L},
	booktitle={Proceedings of the 2016 International Conference on Autonomous Agents \& Multiagent Systems},
	pages={940--948},
	year={2016},
	organization={International Foundation for Autonomous Agents and Multiagent Systems}
}
@article{driessen2005collaborative,
	title={Collaborative control of the manus manipulator},
	author={Driessen, BJF and Kate, TK Ten and Liefhebber, F and Versluis, AHG and Van Woerden, JA},
	journal={Universal Access in the Information Society},
	volume={4},
	number={2},
	pages={165--173},
	year={2005},
	publisher={Springer}
}
@article{downey2016blending,
	title={Blending of brain-machine interface and vision-guided autonomous robotics improves neuroprosthetic arm performance during grasping},
	author={Downey, John E and Weiss, Jeffrey M and Muelling, Katharina and Venkatraman, Arun and Valois, Jean-Sebastien and Hebert, Martial and Bagnell, J Andrew and Schwartz, Andrew B and Collinger, Jennifer L},
	journal={Journal of neuroengineering and rehabilitation},
	volume={13},
	number={1},
	pages={28},
	year={2016},
	publisher={BioMed Central}
}

@inproceedings{storms2014blending,
	title={Blending of human and obstacle avoidance control for a high speed mobile robot},
	author={Storms, Justin G and Tilbury, Dawn M},
	booktitle={American Control Conference (ACC), 2014},
	pages={3488--3493},
	year={2014},
	organization={IEEE}
}

@inproceedings{sadigh2016planning,
	title={Planning for Autonomous Cars that Leverage Effects on Human Actions.},
	author={Sadigh, Dorsa and Sastry, Shankar and Seshia, Sanjit A and Dragan, Anca D},
	booktitle={Robotics: Science and Systems},
	year={2016}
}

@inproceedings{sadigh2016information,
	title={Information gathering actions over human internal state},
	author={Sadigh, Dorsa and Sastry, S Shankar and Seshia, Sanjit A and Dragan, Anca},
	booktitle={Intelligent Robots and Systems (IROS), 2016 IEEE/RSJ International Conference on},
	pages={66--73},
	year={2016},
	organization={IEEE}
}
@inproceedings{gopinath2017mode,
	title={Mode Switch Assistance to Maximize Human Intent Disambiguation},
	author={Gopinath, Deepak and Argall, Brenna},
	booktitle={Robotics: Science and Systems},
	year={2017}
}
%%%%%%%%%%%%%%%%%%%%%%%%%%%%%%%%%%%%%%%%%
@article{baker2017rational,
	title={Rational quantitative attribution of beliefs, desires and percepts in human mentalizing},
	author={Baker, Chris L. and Jara-Ettinger, Julian and Saxe, Rebecca R. and Tenenbaum, Joshua B.},
	journal={Nature Human Behaviour},
	volume={1},
	pages={0064},
	year={2017},
	publisher={Nature Publishing Group}
}

@article{tavakkoli2007vision,
	title={A vision-based architecture for intent recognition},
	author={Tavakkoli, Alireza and Kelley, Richard and King, Christopher and Nicolescu, Mircea and Nicolescu, Monica and Bebis, George},
	journal={Advances in Visual Computing},
	pages={173--182},
	year={2007},
	publisher={Springer}
}
@inproceedings{wasson2003user,
	title={User intent in a shared control framework for pedestrian mobility aids},
	author={Wasson, Glenn and Sheth, Pradip and Alwan, Majd and Granata, Kevin and Ledoux, Alexandre and Huang, Cunjun},
	booktitle={Proceedings of the IEEE/RSJ International Conference on Intelligent Robots and Systems (IROS)},
	year={2003}
}
@book{dragan2012formalizing,
	title={Formalizing assistive teleoperation},
	author={Dragan, Anca D. and Srinivasa, Siddhartha S.},
	year={2012},
	publisher={MIT Press}
}
@inproceedings{dragan2012assistive,
	title={Assistive teleoperation for manipulation tasks},
	author={Dragan, Anca D. and Srinivasa, Siddhartha S.},
	booktitle={Proceedings of ACM/IEEE International Conference on Human-Robot Interaction (HRI)},
	year={2012}
}
@article{dragan2013policy,
	title={A policy-blending formalism for shared control},
	author={Dragan, Anca D. and Srinivasa, Siddhartha S.},
	journal={The International Journal of Robotics Research},
	volume={32},
	number={7},
	pages={790--805},
	year={2013},
	publisher={SAGE Publications Sage UK: London, England}
}
@inproceedings{baker2007goal,
	title={Goal inference as inverse planning},
	author={Baker, Chris L. and Tenenbaum, Joshua B. and Saxe, Rebecca R.},
	booktitle={Proceedings of the Cognitive Science Society},
	year={2007}
}
@article{baker2009action,
	title={Action understanding as inverse planning},
	author={Baker, Chris L. and Saxe, Rebecca R. and Tenenbaum, Joshua B.},
	journal={Cognition},
	volume={113},
	number={3},
	pages={329--349},
	year={2009},
	publisher={Elsevier}
}
@article{barrett2005accurate,
	title={Accurate judgments of intention from motion cues alone: A cross-cultural study},
	author={Barrett, Clark H. and Todd, Peter M. and Miller, Geoffrey F. and Blythe, Philip W.},
	journal={Evolution and Human Behavior},
	volume={26},
	number={4},
	pages={313--331},
	year={2005},
	publisher={Elsevier}
}
@article{donoghue2002connecting,
	title={Connecting cortex to machines: recent advances in brain interfaces},
	author={Donoghue, John P.},
	journal={Nature Neuroscience},
	volume={5},
	pages={1085--1088},
	year={2002},
	publisher={Nature publishing group}
}
@inproceedings{atanasov2014information,
	title={Information acquisition with sensing robots: Algorithms and error bounds},
	author={Atanasov, Nikolay and Le Ny, Jerome and Daniilidis, Kostas and Pappas, George J.},
	booktitle={IEEE International Conference on Robotics and Automation (ICRA)},
	year={2014}
}
@article{kalman1960new,
  title={A new approach to linear filtering and prediction problems},
  author={Kalman, R.E.},
  journal={Journal of Basic Engineering},
  volume={82},
  number={1},
  pages={35--45},
  year={1960},
  publisher={Citeseer}
}
@inproceedings{miller2013trajectory,
	title={Trajectory optimization for continuous ergodic exploration},
	author={Miller, Lauren M. and Murphey, Todd D.},
	booktitle={American Control Conference (ACC)},
	year={2013}
}
@article{miller2016ergodic,
	title={Ergodic exploration of distributed information},
	author={Miller, Lauren M. and Silverman, Yonatan and MacIver, Malcolm A. and Murphey, Todd D.},
	journal={IEEE Transactions on Robotics},
	volume={32},
	number={1},
	pages={36--52},
	year={2016},
	publisher={IEEE}
}
@inproceedings{goodfellow2010help,
	title={Help me help you: Interfaces for personal robots},
	author={Goodfellow, Ian J. and Koenig, Nate and Muja, Marius and Pantofaru, Caroline and Sorokin, Alexander and Takayama, Leila},
	booktitle={Proceedings of ACM/IEEE International Conference on Human-Robot Interaction (HRI)},
	year={2010}
}

@inproceedings{volosyak2005rehabilitation,
	title={Rehabilitation robot {FRIEND II}-the general concept and current implementation},
	author={Volosyak, Ivan and Ivlev, Oleg and Graser, Axel},
	booktitle={Proceedings of the International Conference on Rehabilitation Robotics (ICORR)},
	year={2005}
}
\\
@inproceedings{tsui2008development,
	title={Development and evaluation of a flexible interface for a wheelchair mounted robotic arm},
	author={Tsui, Katherine and Yanco, Holly and Kontak, David and Beliveau, Linda},
	booktitle={Proceedings of the ACM/IEEE International Conference on Human-Robot Interaction (HRI)},
	year={2008}
}



@article{monsell2003task,
	title={Task switching},
	author={Monsell, Stephen},
	journal={Trends in cognitive sciences},
	volume={7},
	number={3},
	pages={134--140},
	year={2003},
	publisher={Elsevier}
}

@article{gopinath2017human,
	title={Human-in-the-Loop Optimization of Shared Autonomy in Assistive Robotics},
	author={Gopinath, Deepak and Jain, Siddarth and Argall, Brenna D.},
	journal={IEEE Robotics and Automation Letters},
	volume={2},
	number={1},
	pages={247--254},
	year={2017},
	publisher={IEEE}
}

@inproceedings{choi2008laser,
	title={Laser pointers and a touch screen: intuitive interfaces for autonomous mobile manipulation for the motor impaired},
	author={Choi, Young Sang and Anderson, Cressel D. and Glass, Jonathan D. and Kemp, Charles C.},
	booktitle={Proceedings of the International SIGACCESS Conference on Computers and Accessibility},
	year={2008},
}
@inproceedings{dragan2013legibility,
	title={Legibility and predictability of robot motion},
	author={Dragan, Anca D. and Lee, Kenton CT. and Srinivasa, Siddhartha S.},
	booktitle={Proceedings of the ACM/IEEE International Conference on Human-Robot Interaction (HRI)},
	year={2013}
}
@inproceedings{holladay2014legible,
	title={Legible robot pointing},
	author={Holladay, Rachel M. and Dragan, Anca D. and Srinivasa, Siddhartha S.},
	booktitle={The IEEE International Symposium on Robot and Human Interactive Communication (RO-MAN)},
	year={2014}
}

@article{dragan2013generating,
	title={Generating legible motion},
	author={Dragan, Anca and Srinivasa, Siddhartha},
	year={2013}
}

@inproceedings{sorokin2010people,
	title={People helping robots helping people: Crowdsourcing for grasping novel objects},
	author={Sorokin, Alexander and Berenson, Dmitry and Srinivasa, Siddhartha S. and Hebert, Martial},
	booktitle={Proceedings of the IEEE/RSJ International Conference on Intelligent Robots and Systems (IROS)},
	year={2010}
}

@inproceedings{rosenthal2010effective,
	title={An effective personal mobile robot agent through symbiotic human-robot interaction},
	author={Rosenthal, Stephanie and Biswas, Joydeep and Veloso, Manuela},
	booktitle={Proceedings of the International Conference on Autonomous Agents and Multiagent Systems},
	year={2010}
}